<record><leader>00000cas a22000007a 4500</leader><controlfield tag="001">30715073</controlfield><controlfield tag="008">940706d19141917okuwr ne      0    0eng d</controlfield><datafield ind1=" " ind2=" " tag="010"><subfield code="a">sn 94058900 </subfield></datafield><datafield ind1=" " ind2=" " tag="040"><subfield code="a">OBN</subfield><subfield code="b">eng</subfield><subfield code="c">OBN</subfield><subfield code="d">OCL</subfield><subfield code="d">OCLCQ</subfield><subfield code="d">OCLCO</subfield></datafield><datafield ind1="1" ind2=" " tag="029"><subfield code="a">AU@</subfield><subfield code="b">000022803452</subfield></datafield><datafield ind1=" " ind2=" " tag="042"><subfield code="a">msc</subfield></datafield><datafield ind1=" " ind2=" " tag="043"><subfield code="a">n-us-ok</subfield></datafield><datafield ind1="0" ind2=" " tag="130"><subfield code="a">Ringling news (Ringling, Okla. : 1914)</subfield></datafield><datafield ind1="1" ind2="4" tag="245"><subfield code="a">The Ringling news.</subfield></datafield><datafield ind1=" " ind2=" " tag="260"><subfield code="a">Ringling, Jefferson County, Okla. :</subfield><subfield code="b">A. McCrory</subfield></datafield><datafield ind1=" " ind2=" " tag="300"><subfield code="a">v.</subfield></datafield><datafield ind1=" " ind2=" " tag="310"><subfield code="a">Weekly</subfield></datafield><datafield ind1="0" ind2=" " tag="362"><subfield code="a">Vol. 5, no. 48 (May 15, 1914)-v. 8, no. 46 (Apr. 27, 1917).</subfield></datafield><datafield ind1=" " ind2="0" tag="651"><subfield code="a">Ringling (Okla.)</subfield><subfield code="v">Newspapers.</subfield></datafield><datafield ind1=" " ind2="0" tag="651"><subfield code="a">Jefferson County (Okla.)</subfield><subfield code="v">Newspapers.</subfield></datafield><datafield ind1=" " ind2=" " tag="752"><subfield code="a">United States</subfield><subfield code="b">Oklahoma</subfield><subfield code="c">Jefferson</subfield><subfield code="d">Ringling.</subfield></datafield><datafield ind1="0" ind2="0" tag="780"><subfield code="t">Cornish news</subfield><subfield code="w">(DLC)sn 94058899</subfield><subfield code="w">(OCoLC)30715013</subfield></datafield><datafield ind1="0" ind2="0" tag="785"><subfield code="t">Western oil news</subfield><subfield code="w">(DLC)sn 94058901</subfield><subfield code="w">(OCoLC)30715461</subfield></datafield></record>